%@inproceedings{vavrina2017global,
%	title={Global, multi-objective trajectory optimization with parametric spreading},
%	author={Vavrina, Matthew A and Englander, Jacob A and Phillips, Sean M and Hughes, Kyle M},
%	booktitle={AAS/AIAA Astrodynamics Specialist Conference 2017},
%	number={GSFC-E-DAA-TN45282},
%	year={2017}
%}


%@article{article,
%	author = {Ocampo, Cesar},
%	year = {2004},
%	month = {06},
%	pages = {210-33},
%	title = {Finite Burn Maneuver Modeling for a Generalized Spacecraft Trajectory Design and Optimization System},
%	volume = {1017},
%	journal = {Annals of the New York Academy of Sciences},
%	doi = {10.1196/annals.1311.013}
%}